% This file was created with JabRef 2.9.2.
% Encoding: Cp1252

@BOOK{CWcomp:Top,
  title = {The Topology of CW Complexes},
  publisher = {Van Nostrand Reinhold Company},
  year = {1969},
  author = {Albert T. Lundell and Stephen Weingram},
  keywords = {CW-Complexes, Topology, Homotopy}
}

@BOOKLET{Hatcher:AlgTop,
  title = {Algebraic Topology},
  year = {2001},
  author = {Allen Hatcher},
  keywords = {Algebra, Topology, Hatcher, Homotopy, Homology},
  howpublished = "\url{http://www.math.cornell.edu/~hatcher/#ATI}"
}

@BOOK{Kosniowski:AlgTop,
  title = {A First Course in Algebraic Topology},
  publisher = {Cambridge University Press},
  year = {1980},
  author = {Czes Kosniowski}
}

@BOOK{Massey:AlgTop,
  title = {A Basic Course in Algebraic Topology},
  publisher = {Springer-Verlag},
  year = {1991},
  author = {William S. Massey},
  keywords = {Algebraic Topology, Fundamental Group, Covering Spaces, CW-Complexes,
	Homology, Cohomology}
}

@BOOKLET{May:AlgTop,
  title = {A Concise Course in Algebraic Topology},
  author = {J. Peter May},
  howpublished = "\url{http://www.math.uchicago.edu/~may/CONCISE/ConciseRevised.pdf}"
}

@BOOK{Rotman:AlgTop,
  title = {An Introduction to Algebraic Topology},
  publisher = {Springer},
  year = {1988},
  author = {Joseph J. Rotman}
}

@BOOK{Spanier:AlgTop,
  title = {Algebraic Topology},
  publisher = {McGraw-Hill},
  year = {1996},
  author = {Edward H. Spanier},
  keywords = {Algebraic Topology, Homotopy, Homology, Fibrations, Covering Spaces}
}

